@MISC{netzoekonom,
	author = {{Schmidt}},
	title = {{Samsung zieht Konkurrent in Deutschland weiter davon, Abruf am 01.08.2014}},
	year = {2014},
	howpublished={\url{http://netzoekonom.de/2014/04/13/samsung-zieht-konkurrenz-in-deutschland-weiter-davon/}}
}

@MISC{destatis:bev,
	author = {{Statistisches Bundesamt}},
	title = {{Bevölkerung auf Grundlage des Zensus 2011, Abruf am 01.08.2014}},
	year = {2014},
	howpublished={\url{https://www.destatis.de/DE/ZahlenFakten/GesellschaftStaat/Bevoelkerung/Bevoelkerungsstand/Tabellen/Zensus_Geschlecht_Staatsangehoerigkeit.html}}
}
@MISC{destatis:hh,
	author = {{Statistisches Bundesamt}},
	title = {{Haushalte \& Familien, Abruf am 01.08.2014}},
	year = {2014},
	howpublished={\url{https://www.destatis.de/DE/ZahlenFakten/GesellschaftStaat/Bevoelkerung/HaushalteFamilien/Tabellen/Haushaltsgroesse.html}}
}

@BOOK{reiseanalyse,
	author = {{Schrader et al.}},
	YEAR = {2014},
	TITLE = {Reiseanalyse 2014},
	ISBN = {978-1-59749-963-7},
	PUBLISHER = {Forschungsgemeinschaft Urlaub und Reisen e.V.},
	ADDRESS = {{Kiel}},
}

@BOOK{kaufman,
	AUTHOR = {{Kaufman et al.}},
	YEAR = {2002},
	TITLE = {Network Security: Private Communication in a Public World},
	EDITION = {2nd},
	ISBN = {978-0-13-046019-6},
	PUBLISHER = {Pretice Hall},
	ADDRESS = {{Upper Saddle River, NJ, USA}},
}

@BOOK{pritchett,
	AUTHOR = {{Pritchett et al.}},
	YEAR = {2013},
	TITLE = {Kali Linux Cookbook},
	EDITION = {},
	ISBN = {978-1-78328-959-2},
	PUBLISHER = {Packt Publishing},
	ADDRESS = {{Birmingham, UK}},
}

@BOOK{stoll,
	AUTHOR = {Stoll},
	YEAR = {1998},
	TITLE = {Das Kuckucksei},
	EDITION = {},
	ISBN = {978-3596139842},
	PUBLISHER = {Fischer Taschenbuch Verlag},
	ADDRESS = {Frankfurt am Main},
}

@BOOK{carr,
	AUTHOR = {Carr},
	YEAR = {2011},
	TITLE = {Inside Cyber Warfare},
	EDITION = {2nd.},
	ISBN = {978-1-4493-1004-2},
	PUBLISHER = {O'Reilly Media},
	ADDRESS = {{Sebastopol, CA, USA}},
}

@BOOK{amoroso,
	AUTHOR = {Amoroso},
	YEAR = {2011},
	TITLE = {Cyber Attacks -- Protecting National Infrastructure},
	EDITION = {},
	ISBN = {978-0-12-384917-5},
	PUBLISHER = {Butterworth-Heinemann},
	ADDRESS = {{Oxford, UK}},
}


@MISC{defat,
	author = {{Bartl (Hrsg.)}},
	title = {{Brute Force Attack erfolgreich abwehren und blocken, Abruf am 01.05.2014}},
	year = {2014},
	howpublished={\url{http://www.defense.at/securitypaper/brute-force-attack.html}}
}

@MISC{bbds,
	author = {{Dix (Hrsg.)}},
	title = {{Begriffsbestimmung: Verfügbarkeit, Integrität, Vertraulichkeit, Authentizität, Abruf am 01.05.2014}},
	year = {2008},
	howpublished={\url{http://www.datenschutz-berlin.de/content/technik/begriffsbestimmungen/verfuegbarkeit-integritaet-vertraulichkeit-authentizitaet}}
}

@MISC{owasp,
	author = {{OWASP.org (Hrsg.)}},
	title = {{Top 10 -- 2013, The Most Critical Web Application Security Risks, Abruf am 01.05.2014}},
	year = {2013},
	howpublished={\url{http://owasptop10.googlecode.com/files/OWASP%20Top%2010%20-%202013.pdf}}
}

@MISC{friedl:sqlinjection,
	author = {Friedl},
	title = {{SQL Injection Attacks by Example, Abruf am 25.10.2013}},
	year = {2007},
    howpublished={\url{http://www.unixwiz.net/techtips/sql-injection.html}}
}

@MISC{vodafone,
	author = {Fuest},
	title = {{Fall Vodafone zeigt die wahren Sicherheitslücken, Abruf am 01.05.2014}},
	year = {2013},
	howpublished={\url{http://www.welt.de/wirtschaft/webwelt/article119967954/Fall-Vodafone-zeigt-die-wahren-Sicherheitsluecken.html}}
}

